@ARTICLE{1, 
author = {Nick Cawthon and Andrew Vande Moere}, 
title = {The Effect of Aesthetic on the Usability of Data Visualization },
journal = {IEEE Transactions on Visualization and Computer Graphics}, 
year = {2007}
}

@misc{2,
title={Aesthetics}, 
url={https://www.britannica.com/topic/aesthetics}, 
journal={Encyclopædia Britannica}, 
publisher={Encyclopædia Britannica, inc.}, 
author={Munro, Thomas and Scruton, Roger}, 
year={2019}, 
month={Nov}
}

